<?xml version="1.0" encoding="UTF-8"?><record xmlns="http://www.loc.gov/MARC21/slim" xmlns:cinclude="http://apache.org/cocoon/include/1.0" xmlns:zs="http://www.loc.gov/zing/srw/">
  <leader>01098cz  a2200157n  4500</leader>
  <controlfield tag="001">n  90615591 </controlfield>
  <controlfield tag="003">DLC</controlfield>
  <controlfield tag="005">19900306065720.5</controlfield>
  <controlfield tag="008">900228n| acannaab|          |a aaa |||  </controlfield>
  <datafield tag="010" ind1=" " ind2=" ">
    <subfield code="a">n  90615591 </subfield>
  </datafield>
  <datafield tag="040" ind1=" " ind2=" ">
    <subfield code="a">DLC</subfield>
    <subfield code="c">DLC</subfield>
    <subfield code="d">DLC</subfield>
  </datafield>
  <datafield tag="100" ind1="0" ind2="0">
    <subfield code="a">Wachirayānawarōrot,</subfield>
    <subfield code="c">Prince, son of Mongkut, King of Siam, Supreme Patriarch,</subfield>
    <subfield code="d">1860-1921.</subfield>
    <subfield code="t">Thammawiphāk</subfield>
  </datafield>
  <datafield tag="400" ind1="0" ind2="0">
    <subfield code="a">Wachirayānawarōrot,</subfield>
    <subfield code="c">Prince, son of Mongkut, King of Siam, Supreme Patriarch,</subfield>
    <subfield code="d">1860-1921.</subfield>
    <subfield code="t">Nawakōwāt.</subfield>
    <subfield code="p">Thammawiphāk</subfield>
  </datafield>
  <datafield tag="400" ind1="0" ind2="0">
    <subfield code="a">Wachirayānawarōrot,</subfield>
    <subfield code="c">Prince, son of Mongkut, King of Siam, Supreme Patriarch,</subfield>
    <subfield code="d">1860-1921.</subfield>
    <subfield code="t">Thammawiphāk læ khihipatibat</subfield>
  </datafield>
  <datafield tag="670" ind1=" " ind2=" ">
    <subfield code="a">His Numerical sayings of dhamma, 1980- :</subfield>
    <subfield code="b">v. 1, t.p. (Dhammavibhaga) pref. (Thammawiphāk [in Thai])</subfield>
  </datafield>
  <datafield tag="670" ind1=" " ind2=" ">
    <subfield code="a">Thō̜ngsư̄p Suphamāk. Khamʻathibāi Winayabanyat nai Nawakōwāt ... 1981:</subfield>
    <subfield code="b">p. 1, 1st group (The Nawakōwāt of Supreme Patriarch H.R.H. Prince Vajirañāṇavarorasa is a textbook for Buddhist novice monastics in two parts; the part called Winayabanyat, on discipline; the other called Thammawiphāk læ khihipatibat, on dhamma)</subfield>
  </datafield>
</record>